<record><leader>00000cas a22000007a 4500</leader><controlfield tag="001">17512952</controlfield><controlfield tag="008">880222d197u1976txucr ne      0    0eng d</controlfield><datafield ind1=" " ind2=" " tag="010"><subfield code="a">sn 88083313 </subfield></datafield><datafield ind1=" " ind2=" " tag="040"><subfield code="a">PPM</subfield><subfield code="b">eng</subfield><subfield code="c">PPM</subfield><subfield code="d">OCLCQ</subfield></datafield><datafield ind1=" " ind2=" " tag="042"><subfield code="a">msc</subfield></datafield><datafield ind1="0" ind2="0" tag="245"><subfield code="a">Midcounty chronicle review.</subfield></datafield><datafield ind1=" " ind2=" " tag="260"><subfield code="a">Nederland, Tex. :</subfield><subfield code="b">Tom Herline</subfield></datafield><datafield ind1=" " ind2=" " tag="310"><subfield code="a">Semiweekly</subfield></datafield><datafield ind1="1" ind2=" " tag="362"><subfield code="a">Ceased in 1976.</subfield></datafield><datafield ind1=" " ind2=" " tag="588"><subfield code="a">Description based on: Vol. 41, no. 91 (Oct. 1, 1972).</subfield></datafield><datafield ind1=" " ind2=" " tag="752"><subfield code="a">United States</subfield><subfield code="b">Texas</subfield><subfield code="c">Jefferson</subfield><subfield code="d">Nederland.</subfield></datafield><datafield ind1=" " ind2=" " tag="752"><subfield code="a">United States</subfield><subfield code="b">Texas</subfield><subfield code="c">Jefferson</subfield><subfield code="d">Port Neches.</subfield></datafield><datafield ind1=" " ind2=" " tag="752"><subfield code="a">United States</subfield><subfield code="b">Texas</subfield><subfield code="c">Jefferson</subfield><subfield code="d">Groves.</subfield></datafield><datafield ind1="0" ind2="4" tag="780"><subfield code="t">Midcounty chronicle</subfield><subfield code="w">(DLC)sn 88083314</subfield></datafield><datafield ind1="0" ind2="4" tag="780"><subfield code="t">Midcounty review</subfield><subfield code="w">(DLC)sn 86090140</subfield></datafield><datafield ind1="0" ind2="0" tag="785"><subfield code="t">Port Neches chronicle</subfield><subfield code="w">(DLC)sn 88083312</subfield></datafield></record>